<collection xmlns="http://www.loc.gov/MARC21/slim">
<record>
  <leader>01258nam0a2200289 i 450 </leader>
  <controlfield tag="001">IT\ICCU\CNCE\071916</controlfield>
  <controlfield tag="005">20100528000000.0</controlfield>
  <datafield tag="012" ind1=" " ind2=" ">
    <subfield code="a">o.ur o.s. o,tu t.ni (C) 1578 (R)</subfield>
    <subfield code="2">fei</subfield>
  </datafield>
  <datafield tag="100" ind1=" " ind2=" ">
    <subfield code="a">20071024d1578        0itac0103    ba</subfield>
  </datafield>
  <datafield tag="101" ind1=" " ind2=" ">
    <subfield code="a">LAT</subfield>
  </datafield>
  <datafield tag="102" ind1=" " ind2=" ">
    <subfield code="a">IT</subfield>
  </datafield>
  <datafield tag="200" ind1="1" ind2=" ">
    <subfield code="a">Lucta Tyburtina. Authore Steph. Theueneto Gallo</subfield>
  </datafield>
  <datafield tag="210" ind1=" " ind2=" ">
    <subfield code="a">Tybure</subfield>
    <subfield code="c">apud Dominicum Piolatum</subfield>
    <subfield code="d">1578</subfield>
  </datafield>
  <datafield tag="215" ind1=" " ind2=" ">
    <subfield code="a">\6!, c.</subfield>
    <subfield code="d">4ʻ</subfield>
  </datafield>
  <datafield tag="620" ind1=" " ind2=" ">
    <subfield code="a">IT</subfield>
    <subfield code="d">Tivoli</subfield>
  </datafield>
  <datafield tag="700" ind1=" " ind2="1">
    <subfield code="a">Thv̌enet,</subfield>
    <subfield code="b">Estienne</subfield>
    <subfield code="3">IT\ICCU\CNCA\028681</subfield>
  </datafield>
  <datafield tag="712" ind1="0" ind2="0">
    <subfield code="a">Piolato, Domenico</subfield>
    <subfield code="3">IT\ICCU\CNCT\000825</subfield>
    <subfield code="4">650</subfield>
  </datafield>
  <datafield tag="790" ind1=" " ind2="1">
    <subfield code="a">Thevenetus,</subfield>
    <subfield code="b">Stephanus</subfield>
    <subfield code="3">IT\ICCU\CNCA\028682</subfield>
    <subfield code="z">Thv̌enet, Estienne</subfield>
  </datafield>
  <datafield tag="791" ind1="0" ind2="0">
    <subfield code="a">Piolatus, Dominicus</subfield>
    <subfield code="3">IT\ICCU\CNCT\005440</subfield>
    <subfield code="z">Piolato, Domenico</subfield>
  </datafield>
  <datafield tag="791" ind1="0" ind2="0">
    <subfield code="a">Piolati, Domenico</subfield>
    <subfield code="3">IT\ICCU\CNCT\005441</subfield>
    <subfield code="z">Piolato, Domenico</subfield>
  </datafield>
  <datafield tag="801" ind1=" " ind2="3">
    <subfield code="a">IT</subfield>
    <subfield code="b">ICCU</subfield>
    <subfield code="c">20201115</subfield>
  </datafield>
  <datafield tag="899" ind1=" " ind2=" ">
    <subfield code="a">Biblioteca Apostolica Vaticana. Citt ̉del Vaticano</subfield>
    <subfield code="1">EX0001</subfield>
    <subfield code="2">ZCV 01</subfield>
  </datafield>
  <datafield tag="899" ind1=" " ind2=" ">
    <subfield code="a">Biblioteca nazionale centrale. Firenze</subfield>
    <subfield code="1">FI0098</subfield>
    <subfield code="2">CFI CF</subfield>
  </datafield>
  <datafield tag="899" ind1=" " ind2=" ">
    <subfield code="a">Biblioteca comunale Augusta. Perugia</subfield>
    <subfield code="1">PG0109</subfield>
    <subfield code="2">UM1 01</subfield>
  </datafield>
  <datafield tag="899" ind1=" " ind2=" ">
    <subfield code="a">Biblioteca Angelica. Roma</subfield>
    <subfield code="1">RM0290</subfield>
    <subfield code="2">RML 06</subfield>
  </datafield>
  <datafield tag="911" ind1=" " ind2=" ">
    <subfield code="a">A c. A1v.</subfield>
    <subfield code="9">IT\ICCU\CNCM\001993</subfield>
  </datafield>
  <datafield tag="921" ind1=" " ind2=" ">
    <subfield code="a">IT\ICCU\CNCM\001993</subfield>
    <subfield code="b">Stemma di Tivoli (aquila fra due porte merlate su ponte a due arcate)</subfield>
    <subfield code="c">V245</subfield>
    <subfield code="f">STEMMA</subfield>
    <subfield code="f">AQUILA</subfield>
    <subfield code="f">PONTE</subfield>
    <subfield code="g">1578</subfield>
  </datafield>
</record>
</collection>
